% !TEX root = main.tex
% RF Connectors
@misc{rfconnector,
author = {{TE Connectivity}},
title = {RF Coaxial Connectors},
howpublished = {\url{https://www.mouser.com/datasheet/2/418/NG_DS_1-1773725-8_RF_COAX_QRG_0114_TE-1948_RFcoaxi-1232379.pdf}},
note = {(Accessed on 04/14/2020)}
}
% 2.4GHz Antenna
@misc{antenna,
author = {{Siretta}},
title = {Delta-7A datasheet},
howpublished = {\url{https://docs.rs-online.com/a8a8/0900766b81540fe9.pdf}},
note = {(Accessed on 04/14/2020)}
}
% ITU MODEL
@misc{itu_model,
author = {{International Telecommunication Union}},
title = {RECOMMENDATION ITU-R P.1238-10},
howpublished = {\url{https://www.itu.int/dms_pubrec/itu-r/rec/p/R-REC-P.1238-10-201908-I!!PDF-E.pdf}},
note = {(Accessed on 04/14/2020)}
}
% USRP Data sheet
@misc{USRP2901,
author = {{National Instruments}},
title = {USRP-2901 Specifications - National Instruments},
howpublished = {\url{https://www.ni.com/pdf/manuals/374925c.pdf}},
note = {(Accessed on 04/16/2020)}
}
% Hamming implementation
@misc{hamming,
author = {Michael Dipperstein},
title = {Hamming (7,4) Code Discussion and Implementation},
howpublished = {\url{http://michael.dipperstein.com/hamming/}},
note = {(Accessed on 04/20/2020)}
}

% Barker MathWorld
@misc{barker,
author = {David Terr},
title = {Barker Code},
howpublished = {\url{https://mathworld.wolfram.com/BarkerCode.html}},
note = {(Accessed on 05/01/2020)}
}

%Signal Analyzer MATLAB
@misc{signalAnalyzer,
author = {{MathWorks}},
title = {Using Signal Analyzer App - MATLAB},
howpublished = {\url{https://se.mathworks.com/help/signal/ug/using-signal-analyzer-app.html}},
note = {(Accessed on 05/02/2020)}
}

% Windows API
@misc{WinAPI,
author = {{Microsoft Corporation}},
title = {Windows API Index},
howpublished = {\url{https://docs.microsoft.com/en-us/windows/win32/apiindex/api-index-portal}},
note = {(Accessed on 05/03/2020)}
}

% LabView USRP DLL 
@misc{labviewDLL,
author = {{National Instruments Corporation}},
title = {LabVIEW NXG - National Instruments},
howpublished = {\url{https://www.ni.com/en-no/shop/labview/labview-nxg.html}},
note = {(Accessed on 05/03/2020)}
}

@ARTICLE{viterbi,
 author={A. {Viterbi}},  
 journal={IEEE Transactions on Information Theory},   
 title={Nonlinear estimation of PSK-modulated carrier phase with application to burst digital transmission},   
 year={1983},  
 volume={29},  
 number={4}, 
 pages={543-551}
}